@article{10.1214/15-STS530,
author = {Nicholas G. Polson and James G. Scott and Brandon T. Willard},
title = {{Proximal Algorithms in Statistics and Machine Learning}},
volume = {30},
journal = {Statistical Science},
number = {4},
publisher = {Institute of Mathematical Statistics},
pages = {559 -- 581},
keywords = {ADMM, Bayes MAP, Divide and Concur, envelopes, Kurdyka–Łojasiewicz, nonconvex, optimization, regularization, shrinkage, Sparsity, splitting},
year = {2015},
doi = {10.1214/15-STS530},
URL = {https://doi.org/10.1214/15-STS530}
}
