
@book{nesterov_lectures_2018,
	address = {Cham},
	series = {Springer {Optimization} and {Its} {Applications}},
	title = {Lectures on {Convex} {Optimization}},
	volume = {137},
	isbn = {978-3-319-91577-7 978-3-319-91578-4},
	url = {http://link.springer.com/10.1007/978-3-319-91578-4},
	urldate = {2023-10-11},
	publisher = {Springer International Publishing},
	author = {Nesterov, Yurii},
	year = {2018},
	keywords = {Optimization, Fast Gradient Methods, Algorithmic Complexity, Interior-Point Methods, Numerical Optimization, Optimization in Relative Scale, Self-Concordant Functions, Smoothing Technique},
	file = {Nesterov - 2018 - Lectures on Convex Optimization.pdf:/Users/hongdali/Zotero/storage/HSCCPYL9/Nesterov - 2018 - Lectures on Convex Optimization.pdf:application/pdf},
}

@book{beck_first-order_2017,
	address = {israel},
	series = {{MOS}-{SIAM} {Series} in {Optimization}},
	title = {First-order {Methods} in {Optimization}},
	isbn = {978-1-61197-498-0},
	url = {https://epubs.siam.org/doi/book/10.1137/1.9781611974997},
	language = {en},
	urldate = {2023-10-19},
	publisher = {SIAM},
	author = {Beck, Amir},
	year = {2017},
	keywords = {First-order Methods, Non-smooth Optimization, Numerical Optimization, Optimization},
	file = {First-Order Methods in Optimization  SIAM Publication.pdf:/Users/hongdali/Zotero/storage/P2HFAVVQ/First-Order Methods in Optimization  SIAM Publication.pdf:application/pdf;Snapshot:/Users/hongdali/Zotero/storage/88BHKZ6Y/1.html:text/html},
}

@article{beck_fast_2009,
	title = {A fast iterative shrinkage-thresholding algorithm for linear inverse problems},
	volume = {2},
	issn = {1936-4954},
	url = {http://epubs.siam.org/doi/10.1137/080716542},
	doi = {10.1137/080716542},
	abstract = {We consider the class of iterative shrinkage-thresholding algorithms (ISTA) for solving linear inverse problems arising in signal/image processing. This class of methods, which can be viewed as an extension of the classical gradient algorithm, is attractive due to its simplicity and thus is adequate for solving large-scale problems even with dense matrix data. However, such methods are also known to converge quite slowly. In this paper we present a new fast iterative shrinkage-thresholding algorithm (FISTA) which preserves the computational simplicity of ISTA but with a global rate of convergence which is proven to be signiﬁcantly better, both theoretically and practically. Initial promising numerical results for wavelet-based image deblurring demonstrate the capabilities of FISTA which is shown to be faster than ISTA by several orders of magnitude.},
	language = {en},
	number = {1},
	urldate = {2023-11-16},
	journal = {SIAM Journal on Imaging Sciences},
	author = {Beck, Amir and Teboulle, Marc},
	month = jan,
	year = {2009},
	pages = {183--202},
	file = {Beck and Teboulle - 2009 - A Fast Iterative Shrinkage-Thresholding Algorithm .pdf:/Users/hongdali/Zotero/storage/H7CGKLL3/Beck and Teboulle - 2009 - A Fast Iterative Shrinkage-Thresholding Algorithm .pdf:application/pdf},
}

@article{chambolle_convergence_2015,
	title = {On the convergence of the iterates of the “{Fast} iterative shrinkage/thresholding algorithm”},
	volume = {166},
	issn = {1573-2878},
	url = {https://doi.org/10.1007/s10957-015-0746-4},
	doi = {10.1007/s10957-015-0746-4},
	abstract = {We discuss here the convergence of the iterates of the “Fast Iterative Shrinkage/Thresholding Algorithm,” which is an algorithm proposed by Beck and Teboulle for minimizing the sum of two convex, lower-semicontinuous, and proper functions (defined in a Euclidean or Hilbert space), such that one is differentiable with Lipschitz gradient, and the proximity operator of the second is easy to compute. It builds a sequence of iterates for which the objective is controlled, up to a (nearly optimal) constant, by the inverse of the square of the iteration number. However, the convergence of the iterates themselves is not known. We show here that with a small modification, we can ensure the same upper bound for the decay of the energy, as well as the convergence of the iterates to a minimizer.},
	language = {en},
	number = {3},
	urldate = {2023-11-18},
	journal = {Journal of Optimization Theory and Applications},
	author = {Chambolle, A. and Dossal, Ch.},
	month = sep,
	year = {2015},
	keywords = {First-order Methods, Forward–backward Splitting, Heavy Ball Momentum, Optimization},
	pages = {968--982},
	file = {Chambolle and Dossal - 2015 - On the Convergence of the Iterates of the “Fast It.pdf:/Users/hongdali/Zotero/storage/P7LSJUWM/Chambolle and Dossal - 2015 - On the Convergence of the Iterates of the “Fast It.pdf:application/pdf},
}
