
@book{nesterov_lectures_2018,
	series = {Springer {Optimization} and {Its} {Applications}},
	title = {Lectures on {Convex} {Optimization}},
	volume = {137},
	isbn = {978-3-319-91577-7 978-3-319-91578-4},
	url = {http://link.springer.com/10.1007/978-3-319-91578-4},
	urldate = {2023-10-11},
	publisher = {Springer International Publishing},
	author = {Nesterov, Yurii},
	year = {2018},
	keywords = {Fast Gradient Methods, Interior-Point Methods, Optimization in Relative Scale, Self-Concordant Functions, Smoothing Technique, Optimization, Numerical Optimization, Algorithmic Complexity},
	file = {Nesterov - 2018 - Lectures on Convex Optimization.pdf:C\:\\Users\\alto\\Zotero\\storage\\HSCCPYL9\\Nesterov - 2018 - Lectures on Convex Optimization.pdf:application/pdf},
}

@book{beck_first-order_2017,
	series = {{MOS}-{SIAM} {Series} in {Optimization}},
	title = {First-order {Methods} in {Optimization}},
	isbn = {978-1-61197-498-0},
	url = {https://epubs.siam.org/doi/book/10.1137/1.9781611974997},
	language = {en},
	urldate = {2023-10-19},
	publisher = {SIAM},
	author = {Beck, Amir},
	year = {2017},
	keywords = {Optimization, Numerical Optimization, Non-smooth Optimization, First-order Methods},
	file = {First-Order Methods in Optimization  SIAM Publication.pdf:C\:\\Users\\alto\\Zotero\\storage\\P2HFAVVQ\\First-Order Methods in Optimization  SIAM Publication.pdf:application/pdf;Snapshot:C\:\\Users\\alto\\Zotero\\storage\\88BHKZ6Y\\1.html:text/html},
}

@book{figalli_invitation_2021,
	title = {An {Invitation} to {Optimal} {Transport}, {Wasserstein} {Distances}, and {Gradient} {Flows}},
	isbn = {978-3-98547-010-5 978-3-98547-510-0},
	url = {https://ems.press/books/etb/190/contents},
	abstract = {An Invitation to Optimal Transport, Wasserstein Distances, and Gradient Flows, by Alessio Figalli, Federico Glaudo. Published by EMS Press},
	language = {en},
	urldate = {2023-10-21},
	author = {Figalli, Alessio and Glaudo, Federico},
	month = aug,
	year = {2021},
	doi = {10.4171/etb/22},
	keywords = {Optimal Transport},
	file = {Figalli and Glaudo - 2021 - An Invitation to Optimal Transport, Wasserstein Di.pdf:C\:\\Users\\alto\\Zotero\\storage\\V9NWH7U8\\Figalli and Glaudo - 2021 - An Invitation to Optimal Transport, Wasserstein Di.pdf:application/pdf},
}

@book{wolkowicz_handbook_2000,
	address = {Boston, MA},
	series = {International {Series} in {Operations} {Research} \& {Management} {Science}},
	title = {Handbook of {Semidefinite} {Programming}},
	volume = {27},
	isbn = {978-1-4613-6970-7 978-1-4615-4381-7},
	url = {http://link.springer.com/10.1007/978-1-4615-4381-7},
	urldate = {2023-10-24},
	publisher = {Springer US},
	editor = {Wolkowicz, Henry and Saigal, Romesh and Vandenberghe, Lieven and Hillier, Frederick S.},
	year = {2000},
	doi = {10.1007/978-1-4615-4381-7},
	keywords = {Optimization, Optimization and Control Theory, Optimization Theory, Linear Algebra, Linear Optimization, Combinatorial Optimization, Nonlinear Optimization},
	file = {Full Text PDF:C\:\\Users\\alto\\Zotero\\storage\\R2SV73TX\\Wolkowicz et al. - 2000 - Handbook of Semidefinite Programming.pdf:application/pdf},
}

@book{boumal_introduction_2023,
	edition = {1},
	title = {An {Introduction} to {Optimization} on {Smooth} {Manifolds}},
	isbn = {978-1-009-16616-4 978-1-009-16617-1 978-1-009-16615-7},
	url = {https://www.nicolasboumal.net/book/},
	abstract = {Optimization on Riemannian manifolds-the result of smooth geometry and optimization merging into one elegant modern framework-spans many areas of science and engineering, including machine learning, computer vision, signal processing, dynamical systems and scientific computing. This text introduces the differential geometry and Riemannian geometry concepts that will help students and researchers in applied mathematics, computer science and engineering gain a firm mathematical grounding to use these tools confidently in their research. Its charts-last approach will prove more intuitive from an optimizer's viewpoint, and all definitions and theorems are motivated to build time-tested optimization algorithms. Starting from first principles, the text goes on to cover current research on topics including worst-case complexity and geodesic convexity. Readers will appreciate the tricks of the trade for conducting research and for numerical implementations sprinkled throughout the book.},
	urldate = {2023-11-10},
	publisher = {Cambridge University Press},
	author = {Boumal, Nicolas},
	month = mar,
	year = {2023},
	keywords = {Optimization, Manifold},
	file = {Boumal - 2023 - An introduction to optimization on smooth manifolds.pdf:C\:\\Users\\alto\\Zotero\\storage\\WKIRYPFH\\Boumal - 2023 - An introduction to optimization on smooth manifolds.pdf:application/pdf},
}

@book{nesterov_introductory_2004,
	address = {Boston, MA},
	series = {Applied {Optimization}},
	title = {Introductory {Lectures} on {Convex} {Optimization}},
	volume = {87},
	isbn = {978-1-4613-4691-3 978-1-4419-8853-9},
	url = {http://link.springer.com/10.1007/978-1-4419-8853-9},
	urldate = {2023-11-19},
	publisher = {Springer US},
	author = {Nesterov, Yurii},
	editor = {Pardalos, Panos M. and Hearn, Donald W.},
	year = {2004},
	keywords = {complexity theory, Optimization},
	file = {Nesterov - 2004 - Introductory Lectures on Convex Optimization.pdf:C\:\\Users\\alto\\Zotero\\storage\\TS6388FE\\Nesterov - 2004 - Introductory Lectures on Convex Optimization.pdf:application/pdf},
}

@unpublished{recht_optimization_nodate,
	title = {Optimization for {Modern} {Data} {Analysis} ({WIP})},
	url = {https://people.eecs.berkeley.edu/~brecht/opt4ml_book/},
	abstract = {This book explores theory and algorithms for nonlinear optimization with a particular focus on problems that arise in machine learning and data analysis. The text balances worst-case analysis against implementation concerns and aims to highlight the core theoretical tools that provide reasonable guidelines to optimization practice.
This book covers material appropriate for a quarter-length course on optimization aimed at graduate students in computer science, industrial engineering, electrical engineering, and related fields.},
	urldate = {2023-11-28},
	author = {Recht, Benjamin and Wright, Stephen},
	keywords = {Coordinate descent, Fast Gradient Methods, Optimization, Data Science, Stochastic Gradient},
	file = {O4MD_01_Introduction.pdf:C\:\\Users\\alto\\Zotero\\storage\\J7QQQNQW\\O4MD_01_Introduction.pdf:application/pdf;O4MD_02_Foundations.pdf:C\:\\Users\\alto\\Zotero\\storage\\QL7MJRAH\\O4MD_02_Foundations.pdf:application/pdf;O4MD_03_Descent_Methods.pdf:C\:\\Users\\alto\\Zotero\\storage\\ZQVWX65C\\O4MD_03_Descent_Methods.pdf:application/pdf;O4MD_04_Momentum.pdf:C\:\\Users\\alto\\Zotero\\storage\\7IQ3LXHY\\O4MD_04_Momentum.pdf:application/pdf;O4MD_05_SGM.pdf:C\:\\Users\\alto\\Zotero\\storage\\8H8VP8MJ\\O4MD_05_SGM.pdf:application/pdf;O4MD_06_Coordinate_Descent.pdf:C\:\\Users\\alto\\Zotero\\storage\\A975I6XN\\O4MD_06_Coordinate_Descent.pdf:application/pdf;O4MD_07_Constrained_Opt.pdf:C\:\\Users\\alto\\Zotero\\storage\\A44XNIAD\\O4MD_07_Constrained_Opt.pdf:application/pdf;O4MD_08_Subgradients.pdf:C\:\\Users\\alto\\Zotero\\storage\\RKY44LD9\\O4MD_08_Subgradients.pdf:application/pdf;O4MD_09_Nonsmooth.pdf:C\:\\Users\\alto\\Zotero\\storage\\G67CC56T\\O4MD_09_Nonsmooth.pdf:application/pdf;people.eecs.berkeley.edu/~brecht/opt4ml_book/:C\:\\Users\\alto\\Zotero\\storage\\CAVSC9YL\\opt4ml_book.html:text/html},
}

@book{bauschke_convex_2017,
	address = {Cham},
	series = {{CMS} {Books} in {Mathematics}},
	title = {Convex {Analysis} and {Monotone} {Operator} {Theory} in {Hilbert} {Spaces}},
	isbn = {978-3-319-48310-8 978-3-319-48311-5},
	url = {https://link.springer.com/10.1007/978-3-319-48311-5},
	language = {en},
	urldate = {2023-11-29},
	publisher = {Springer International Publishing},
	author = {Bauschke, Heinz H. and Combettes, Patrick L.},
	year = {2017},
	keywords = {Convex analysis, Monotone Operator, Nonexpansive Operator, Operator Splitting, Proximal Algorithm},
	file = {Bauschke and Combettes - 2017 - Convex Analysis and Monotone Operator Theory in Hi.pdf:C\:\\Users\\alto\\Zotero\\storage\\57IWCTZJ\\Bauschke and Combettes - 2017 - Convex Analysis and Monotone Operator Theory in Hi.pdf:application/pdf},
}

@book{nocedal_numerical_2006,
	address = {New York},
	edition = {2nd ed},
	series = {Springer series in operations research},
	title = {Numerical {Optimization}},
	isbn = {978-0-387-30303-1},
	language = {en},
	publisher = {Springer},
	author = {Nocedal, Jorge and Wright, Stephen J.},
	year = {2006},
	note = {OCLC: ocm68629100},
	keywords = {optimization, algorithms, Calculus of Variations, linear optimization, nonlinear optimization, operations research, quadratic programming, Quasi-Newton method},
	file = {Nocedal and Wright - 2006 - Numerical optimization.pdf:C\:\\Users\\alto\\Zotero\\storage\\W7I98E55\\Nocedal and Wright - 2006 - Numerical optimization.pdf:application/pdf},
}

@book{kaiser_friendly_2011,
	address = {Boston},
	title = {A friendly {Guide} to {Wavelets}},
	isbn = {978-0-8176-8110-4 978-0-8176-8111-1},
	url = {https://link.springer.com/10.1007/978-0-8176-8111-1},
	language = {en},
	urldate = {2023-12-28},
	publisher = {Birkh√§user},
	author = {Kaiser, Gerald},
	year = {2011},
	doi = {10.1007/978-0-8176-8111-1},
	keywords = {Generalized Frames, Mutliresolution Analysis, Physical Wavelets, Time-scale Analysis, Wavelet Acoustics, Wavelet},
	file = {Kaiser - 2011 - A Friendly Guide to Wavelets.pdf:C\:\\Users\\alto\\Zotero\\storage\\B9IY5G4R\\Kaiser - 2011 - A Friendly Guide to Wavelets.pdf:application/pdf},
}

@book{rockafellar_convex_1997,
	address = {Princeton, NJ},
	edition = {10. print. and 1. paperb. print},
	series = {Princeton {Landmarks} in mathematics and physics},
	title = {Convex {Analysis}},
	isbn = {978-0-691-01586-6 978-0-691-08069-7},
	language = {eng},
	publisher = {Princeton Univ. Press},
	author = {Rockafellar, Ralph Tyrrell},
	year = {1997},
	keywords = {Convex Analysis},
	file = {Rockafellar - 1997 - Convex analysis.pdf:C\:\\Users\\alto\\Zotero\\storage\\LLST9GW6\\Rockafellar - 1997 - Convex analysis.pdf:application/pdf},
}

@book{greub_multilinear_1978,
	address = {New York, NY},
	series = {Universitext},
	title = {Multilinear {Algebra}},
	isbn = {978-0-387-90284-5 978-1-4613-9425-9},
	url = {http://link.springer.com/10.1007/978-1-4613-9425-9},
	urldate = {2024-01-01},
	publisher = {Springer},
	author = {Greub, Werner},
	year = {1978},
	doi = {10.1007/978-1-4613-9425-9},
	keywords = {Multilinear Algebra, Linear Algebra, Matrix Theory, Algebra, Clifford Algebra},
	file = {Greub - 1978 - Multilinear Algebra.pdf:C\:\\Users\\alto\\Zotero\\storage\\PEX4NEXV\\Greub - 1978 - Multilinear Algebra.pdf:application/pdf},
}

@book{clarke_optimization_1990,
	series = {Classics in {Applied} {Mathematics}},
	title = {Optimization and {Nonsmooth} {Analysis}},
	isbn = {978-0-89871-256-8},
	url = {https://epubs.siam.org/doi/book/10.1137/1.9781611971309},
	urldate = {2024-01-08},
	publisher = {Society for Industrial and Applied Mathematics},
	author = {Clarke, Frank H.},
	month = jan,
	year = {1990},
	doi = {10.1137/1.9781611971309},
	keywords = {Bolza problem, Hamilton‚ÄìJacobi, mathematical programming, optimal control, value functions},
	file = {Clarke - 1990 - Optimization and Nonsmooth Analysis.pdf:C\:\\Users\\alto\\Zotero\\storage\\SI6GXJDU\\Clarke - 1990 - Optimization and Nonsmooth Analysis.pdf:application/pdf},
}

@book{mordukhovich_variational_2018,
	address = {Cham},
	series = {Springer {Monographs} in {Mathematics}},
	title = {Variational {Analysis} and {Applications}},
	isbn = {978-3-319-92773-2 978-3-319-92775-6},
	url = {http://link.springer.com/10.1007/978-3-319-92775-6},
	urldate = {2024-01-08},
	publisher = {Springer International Publishing},
	author = {Mordukhovich, Boris S.},
	year = {2018},
	doi = {10.1007/978-3-319-92775-6},
	keywords = {control systems for partial differential equations, first-order variational analysis, monograph with exercises, second-order variational analysis, variational analysis applications},
	file = {Mordukhovich - 2018 - Variational Analysis and Applications.pdf:C\:\\Users\\alto\\Zotero\\storage\\DJLFWZ3P\\Mordukhovich - 2018 - Variational Analysis and Applications.pdf:application/pdf},
}

@book{brezis_functional_2011,
	address = {New York, NY},
	title = {Functional analysis, {Sobolev} {Spaces} and {Partial} {Differential} {Equations}},
	isbn = {978-0-387-70913-0 978-0-387-70914-7},
	url = {https://link.springer.com/10.1007/978-0-387-70914-7},
	language = {en},
	urldate = {2024-01-09},
	publisher = {Springer},
	author = {Brezis, Haim},
	year = {2011},
	keywords = {partial differential equations},
	file = {Brezis - 2011 - Functional Analysis, Sobolev Spaces and Partial Di.pdf:C\:\\Users\\alto\\Zotero\\storage\\A8X27JX7\\Brezis - 2011 - Functional Analysis, Sobolev Spaces and Partial Di.pdf:application/pdf},
}

@book{bauschke_introduction_2024,
	address = {Philadelphia},
	series = {{MOS}-{SIAM} series on optimization},
	title = {An {Introduction} to convexity, {Optimization}, and {Algorithms}},
	isbn = {978-1-61197-779-0},
	abstract = {"Provides a comprehensive and accessible exploration of modern topics in convex analysis and optimization algorithms, with an emphasis on bridging the two areas"--},
	number = {34},
	publisher = {Society for Industrial and Applied Mathematics},
	author = {Bauschke, Heinz H. and Moursi, Walaa M.},
	year = {2024},
	keywords = {Algorithms, Convex domains, Mathematical optimization, Numerical analysis -- Mathematical programming, optimization and variational techniques -- Optimization and variational techniques, Numerical analysis -- Numerical methods in complex analysis (potential theory, etc.) -- Numerical methods in complex analysis (potential theory, etc.)},
	file = {Bauschke and Moursi - 2024 - An introduction to convexity, optimization, and algorithms.pdf:C\:\\Users\\alto\\Zotero\\storage\\I8STEKVA\\Bauschke and Moursi - 2024 - An introduction to convexity, optimization, and algorithms.pdf:application/pdf},
}

@book{rockafellar_variational_1998,
	address = {Berlin, Heidelberg},
	series = {Grundlehren der mathematischen {Wissenschaften}},
	title = {Variational {Analysis}},
	volume = {317},
	isbn = {978-3-540-62772-2 978-3-642-02431-3},
	url = {http://link.springer.com/10.1007/978-3-642-02431-3},
	urldate = {2024-01-19},
	publisher = {Springer},
	author = {Rockafellar, R. Tyrrell and Wets, Roger J. B.},
	editor = {Berger, M. and De La Harpe, P. and Hirzebruch, F. and Hitchin, N. J. and H√∂rmander, L. and Kupiainen, A. and Lebeau, G. and Ratner, M. and Serre, D. and Sinai, Y. G. and Sloane, N. J. A. and Vershik, A. M. and Waldschmidt, M.},
	year = {1998},
	doi = {10.1007/978-3-642-02431-3},
	keywords = {convex analysis, epi-convergence, non-smooth analysis, optimization, variational analysis},
	file = {Rockafellar and Wets - 1998 - Variational Analysis.pdf:C\:\\Users\\alto\\Zotero\\storage\\GCHP4MC7\\Rockafellar and Wets - 1998 - Variational Analysis.pdf:application/pdf},
}

@book{ryu_large-scale_2022,
	title = {Large-scale {Convex} {Optimization}: {Algorithms} \& {Analyses} via {Monotone} {Operators}},
	isbn = {978-1-009-16085-8},
	shorttitle = {Large-{Scale} {Convex} {Optimization}},
	url = {https://large-scale-book.mathopt.com/},
	abstract = {Starting from where a first course in convex optimization leaves off, this text presents a unified analysis of first-order optimization methods ‚Äì including parallel-distributed algorithms ‚Äì through the abstraction of monotone operators. With the increased computational power and availability of big data over the past decade, applied disciplines have demanded that larger and larger optimization problems be solved. This text covers the first-order convex optimization methods that are uniquely effective at solving these large-scale optimization problems. Readers will have the opportunity to construct and analyze many well-known classical and modern algorithms using monotone operators, and walk away with a solid understanding of the diverse optimization algorithms. Graduate students and researchers in mathematical optimization, operations research, electrical engineering, statistics, and computer science will appreciate this concise introduction to the theory of convex optimization algorithms.},
	urldate = {2024-01-22},
	publisher = {Cambridge University Press},
	author = {Ryu, Ernest K. and Yin, Wotao},
	year = {2022},
	file = {Ryu and Yin - 2022 - Large-Scale Convex Optimization Algorithms & Analyses via Monotone Operators.pdf:C\:\\Users\\alto\\Zotero\\storage\\JPZLJBL8\\Ryu and Yin - 2022 - Large-Scale Convex Optimization Algorithms & Analyses via Monotone Operators.pdf:application/pdf;Snapshot:C\:\\Users\\alto\\Zotero\\storage\\PNYCF4FI\\2A7F8E7428BFA4EDB8AFACA11AB97E4C.html:text/html},
}

@book{salamon_measure_2016,
	address = {Z√ºrich, Switzerland},
	series = {{EMS} textbooks in mathematics},
	title = {Measure and {Integration}},
	isbn = {978-3-03719-159-0},
	url = {https://people.math.ethz.ch/~salamon/PREPRINTS/measure.pdf},
	publisher = {European Mathematical Society},
	author = {Salamon, D.},
	year = {2016},
	note = {OCLC: ocn946976314},
	keywords = {Measure theory},
	file = {Salamon - 2016 - Measure and integration.pdf:C\:\\Users\\alto\\Zotero\\storage\\MLM25RR7\\Salamon - 2016 - Measure and integration.pdf:application/pdf},
}

@book{clarke_functional_2013,
	address = {London},
	series = {Graduate {Texts} in {Mathematics}},
	title = {Functional {Analysis}, {Calculus} of {Variations} and {Optimal} {Control}},
	volume = {264},
	isbn = {978-1-4471-4819-7 978-1-4471-4820-3},
	url = {https://link.springer.com/10.1007/978-1-4471-4820-3},
	language = {en},
	urldate = {2024-01-28},
	publisher = {Springer},
	author = {Clarke, Francis},
	year = {2013},
	doi = {10.1007/978-1-4471-4820-3},
	keywords = {Calculus of Variations, Continuous Optimization, Dynamic Optimization, Functional Analysis, Optimal Control},
	file = {Clarke - 2013 - Functional Analysis, Calculus of Variations and Op.pdf:C\:\\Users\\alto\\Zotero\\storage\\5JTA43E2\\Clarke - 2013 - Functional Analysis, Calculus of Variations and Op.pdf:application/pdf},
}

@book{panaretos_statistics_2016,
	address = {Cham},
	series = {Compact {Textbooks} in {Mathematics}},
	title = {Statistics for {Mathematicians}},
	isbn = {978-3-319-28339-5 978-3-319-28341-8},
	url = {http://link.springer.com/10.1007/978-3-319-28341-8},
	urldate = {2024-01-29},
	publisher = {Springer International Publishing},
	author = {Panaretos, Victor M.},
	year = {2016},
	doi = {10.1007/978-3-319-28341-8},
	keywords = {62-XX, confidence intervals, estimation, likelihood, statistical inference, testing of hypotheses},
	file = {Panaretos - 2016 - Statistics for Mathematicians.pdf:C\:\\Users\\alto\\Zotero\\storage\\6TBRZ53V\\Panaretos - 2016 - Statistics for Mathematicians.pdf:application/pdf},
}

@book{boyd_convex_2004,
	address = {Cambridge, UK ; New York},
	title = {Convex {Optimization}},
	isbn = {978-0-521-83378-3},
	publisher = {Cambridge University Press},
	author = {Boyd, Stephen P. and Vandenberghe, Lieven},
	year = {2004},
	keywords = {Mathematical optimization, Convex functions},
	file = {Boyd and Vandenberghe - 2004 - Convex optimization.pdf:C\:\\Users\\alto\\Zotero\\storage\\ERCUXVDG\\Boyd and Vandenberghe - 2004 - Convex optimization.pdf:application/pdf},
}

@book{subrahmanyam_elementary_2018,
	address = {Singapore},
	series = {Forum for {Interdisciplinary} {Mathematics}},
	title = {Elementary {Fixed} {Point} {Theorems}},
	isbn = {978-981-13-3157-2 978-981-13-3158-9},
	url = {http://link.springer.com/10.1007/978-981-13-3158-9},
	urldate = {2024-02-19},
	publisher = {Springer},
	author = {Subrahmanyam, P.V.},
	year = {2018},
	doi = {10.1007/978-981-13-3158-9},
	keywords = {Brouwer‚Äôs Fixed Point Theorem, Cauchy-Kowalevsky Theorem, Contraction Principle, Fixed Points, Partial order, quasi-order, Schauder‚Äôs Fixed Point Theorem},
	file = {Full Text PDF:C\:\\Users\\alto\\Zotero\\storage\\469Y9WJZ\\Subrahmanyam - 2018 - Elementary Fixed Point Theorems.pdf:application/pdf},
}

@book{ferrera_introduction_nodate,
	title = {An {Introduction} to {Nonsmooth} {Analysis}},
	isbn = {978-0-12-800731-0},
	abstract = {Nonsmooth Analysis is a relatively recent area of mathematical analysis. The literature about this subject consists mainly in research papers and books. The purpose of this book is to provide a handbook for undergraduate and graduate students of mathematics that introduce this interesting area in detail. Includes different kinds of sub and super differentials as well as generalized gradientsIncludes also the main tools of the theory, as Sum and Chain Rules or Mean Value theoremsContent is introduced in an elementary way, developing many examples, allowing the reader to understand a theory which is scattered in many papers and research books},
	language = {eng},
	author = {Ferrera, Juan},
	file = {Ferrera - An Introduction to Nonsmooth Analysis.pdf:C\:\\Users\\alto\\Zotero\\storage\\JL4UCCVX\\Ferrera - An Introduction to Nonsmooth Analysis.pdf:application/pdf},
}

@book{bell_primer_2008,
	address = {Cambridge ; New York},
	edition = {2nd ed},
	title = {A primer of {Infinitesimal} {Analysis}},
	isbn = {978-0-521-88718-2},
	publisher = {Cambridge University Press},
	author = {Bell, J. L.},
	year = {2008},
	keywords = {Nonstandard mathematical analysis},
	file = {Bell - 2008 - A primer of infinitesimal analysis.pdf:C\:\\Users\\alto\\Zotero\\storage\\5MZPH587\\Bell - 2008 - A primer of infinitesimal analysis.pdf:application/pdf},
}

@book{aubin_set-valued_2009,
	address = {Boston},
	title = {Set-{Valued} {Analysis}},
	copyright = {https://www.springernature.com/gp/researchers/text-and-data-mining},
	isbn = {978-0-8176-4847-3 978-0-8176-4848-0},
	url = {https://link.springer.com/10.1007/978-0-8176-4848-0},
	language = {en},
	urldate = {2024-03-26},
	publisher = {Birkh√§user},
	author = {Aubin, Jean-Pierre and Frankowska, H√©l√®ne},
	year = {2009},
	keywords = {calculus, closed convex processes, Derivative, epiderivatives, function, mathematics, set-valued analysis, set-valued maps, stability, tangent cones, Viability theorem},
	file = {Full Text PDF:C\:\\Users\\alto\\Zotero\\storage\\3U2RLVBK\\Aubin and Frankowska - 2009 - Set-Valued Analysis.pdf:application/pdf},
}

@book{regina_set-valued_2008,
	address = {Boston, MA},
	series = {Optimization and {Its} {Applications}},
	title = {Set-{Valued} {Mappings} and {Enlargements} of {Monotone} {Operators}},
	volume = {8},
	copyright = {http://www.springer.com/tdm},
	isbn = {978-0-387-69755-0},
	url = {http://link.springer.com/10.1007/978-0-387-69757-4},
	language = {en},
	urldate = {2024-07-25},
	publisher = {Springer US},
	author = {Regina, Burachik and Alfredo, Iusem},
	year = {2008},
	doi = {10.1007/978-0-387-69757-4},
	keywords = {optimization, linear optimization, operations research, analysis, functional analysis, mathematical economics, Maxima},
	file = {2008 - Set-Valued Mappings and Enlargements of Monotone O.pdf:C\:\\Users\\alto\\Zotero\\storage\\2K2L7NRS\\2008 - Set-Valued Mappings and Enlargements of Monotone O.pdf:application/pdf},
}

@book{ying_modern_2021,
	series = {{MOS}-{SIAM} {Series} on {Optimization}},
	title = {Modern {Nonconvex} {Nondifferentiable} {Optimization}},
	volume = {1},
	isbn = {978-1-61197-674-8},
	url = {https://epubs.siam.org/doi/book/10.1137/1.9781611976748},
	language = {en},
	number = {29},
	urldate = {2024-11-20},
	publisher = {MOS-SIAM},
	author = {Ying, Cui and Jong-Shi, Pang},
	year = {2021},
	file = {1:C\:\\Users\\alto\\Zotero\\storage\\AU7MC9JA\\1.9781611976748.ch1.pdf:application/pdf;2:C\:\\Users\\alto\\Zotero\\storage\\R3ISLTZ7\\1.9781611976748.ch2 (1).pdf:application/pdf;3:C\:\\Users\\alto\\Zotero\\storage\\TD25IPT9\\1.9781611976748.ch3.pdf:application/pdf;4:C\:\\Users\\alto\\Zotero\\storage\\59CJTJPL\\1.9781611976748.ch4.pdf:application/pdf;5:C\:\\Users\\alto\\Zotero\\storage\\YD7IDPZ8\\1.9781611976748.ch5.pdf:application/pdf;6:C\:\\Users\\alto\\Zotero\\storage\\JQ5TVRB5\\1.9781611976748.ch6.pdf:application/pdf;7:C\:\\Users\\alto\\Zotero\\storage\\AFCH4MZY\\1.9781611976748.ch7.pdf:application/pdf;8:C\:\\Users\\alto\\Zotero\\storage\\HF8Q4DUQ\\1.9781611976748.ch8.pdf:application/pdf;9:C\:\\Users\\alto\\Zotero\\storage\\GW8V85A5\\1.9781611976748.ch9.pdf:application/pdf;10:C\:\\Users\\alto\\Zotero\\storage\\M63NSY62\\1.9781611976748.ch10.pdf:application/pdf;11:C\:\\Users\\alto\\Zotero\\storage\\DHI9VZVP\\1.9781611976748.ch11.pdf:application/pdf;Bib, Idx, glossary:C\:\\Users\\alto\\Zotero\\storage\\NUZ5WXJ4\\Ba and Pang - 2022 - Exact Penalization of Generalized Nash Equilibrium Problems.pdf:application/pdf;Modern Nonconvex Nondifferentiable Optimization.pdf:C\:\\Users\\alto\\Zotero\\storage\\FMCJICH7\\Ying and Jong-Shi - 2021 - Modern Nonconvex Nondifferentiable Optimization.pdf:application/pdf},
}

@book{mordukhovich_convex_2022,
	address = {Cham},
	series = {Springer {Series} in {Operations} {Research} and {Financial} {Engineering}},
	title = {Convex {Analysis} and {Beyond}: {Volume} {I}: {Basic} {Theory}},
	copyright = {https://www.springer.com/tdm},
	isbn = {978-3-030-94784-2 978-3-030-94785-9},
	shorttitle = {Convex {Analysis} and {Beyond}},
	url = {https://link.springer.com/10.1007/978-3-030-94785-9},
	language = {en},
	urldate = {2024-12-27},
	publisher = {Springer International Publishing},
	author = {Mordukhovich, Boris S. and Mau Nam, Nguyen},
	year = {2022},
	keywords = {Convex Analysis, Convex Functions, Convex Sets, Generalized Differentiation, Locally Convex Topological Vector Spaces, Topological Vector Spaces, Variational Analysis, Variational Methods of Nonlinear Analysis},
	file = {Convex Analysis and Beyond Volume I Basic Theory:C\:\\Users\\alto\\Zotero\\storage\\NLAFYGG3\\Mordukhovich and Mau Nam - 2022 - Convex Analysis and Beyond Volume I Basic Theory.pdf:application/pdf},
}

@book{hiriart-urruty_convex_1993,
	address = {Berlin, Heidelberg},
	series = {Grundlehren der mathematischen {Wissenschaften}},
	title = {Convex {Analysis} and {Minimization} {Algorithms} {II}: {Advanced} {Theory} and {Bundle} {Methods}},
	volume = {306},
	copyright = {http://www.springer.com/tdm},
	isbn = {978-3-642-08162-0 978-3-662-06409-2},
	shorttitle = {Convex {Analysis} and {Minimization} {Algorithms} {II}},
	url = {http://link.springer.com/10.1007/978-3-662-06409-2},
	language = {en},
	urldate = {2024-12-27},
	publisher = {Springer},
	author = {Hiriart-Urruty, Jean-Baptiste and Lemar√©chal, Claude},
	editor = {Artin, M. and Chern, S. S. and Coates, J. and Fr√∂hlich, J. M. and Hironaka, H. and Hirzebruch, F. and H√∂rmander, L. and Moore, C. C. and Moser, J. K. and Nagata, M. and Schmidt, W. and Scott, D. S. and Sinai, Ya. G. and Tits, J. and Waldschmidt, M. and Watanabe, S. and Berger, M. and Eckmann, B. and Varadhan, S. R. S.},
	year = {1993},
	doi = {10.1007/978-3-662-06409-2},
	keywords = {Optimization, Convex Analysis, Nonsmooth Optimization, algorithms, calculus, Mathhematical Programming, Numerical Algorithms},
	file = {Convex Analysis and Minimization Algorithms II Advanced Theory and Bundle Methods:C\:\\Users\\alto\\Zotero\\storage\\BGSV6MM7\\Hiriart-Urruty and Lemar√©chal - 1993 - Convex Analysis and Minimization Algorithms II Advanced Theory and Bundle Methods.pdf:application/pdf},
}
