@book{texbook,
  author = {Donald E. Knuth},
  year = {1986},
  title = {The {\TeX} Book},
  publisher = {Addison-Wesley Professional}
}


@misc{uc_davis_notes,
  author        = {John K. Hunter},
  title         = {Measure Theory},
  month         = {April},
  year          = {2011},
  publisher     = {Department of Mathematics, University of California at Davis},
  note          = {\url{https://www.math.ucdavis.edu/~hunter/measure_theory/measure_notes.pdf}}
}